<?xml version="1.0" encoding="UTF-8"?><collection xmlns="http://www.loc.gov/MARC21/slim"><record><leader>00465nam--2200145-i-4500</leader><controlfield tag="001">000023235</controlfield><controlfield tag="002">20161230</controlfield><controlfield tag="005">20161230201034</controlfield><controlfield tag="008">060222s1000------------r-----000-0-eng-d</controlfield><datafield ind1=" " ind2=" " tag="080"><subfield code="a">539.377:539.2</subfield></datafield><datafield ind1=" " ind2=" " tag="100"><subfield code="a">Hovi, Vaino And Pirinen, Jorma</subfield></datafield><datafield ind1=" " ind2=" " tag="245"><subfield code="a">Thermal expansion of rbbr and de bye characteriistic temperatures of rbcl, rbbr, and rbi</subfield></datafield><datafield ind1=" " ind2=" " tag="260"><subfield code="a">Helsinki, Suomalainen Tiedeakatemia, 1972. 11p</subfield></datafield><datafield ind1=" " ind2=" " tag="490"><subfield code="a">Ann.Acad.Scient.Fennicae, Seria A</subfield></datafield><datafield ind1=" " ind2=" " tag="852"><subfield code="a">6361</subfield></datafield></record></collection>